<?xml version="1.0" encoding="UTF-8"?><collection xmlns="http://www.loc.gov/MARC21/slim"><record><leader>00449nam--2200157-i-4500</leader><controlfield tag="001">000024527</controlfield><controlfield tag="002">20161230</controlfield><controlfield tag="005">20161230201035</controlfield><controlfield tag="008">060222s1000------------r-----000-0-eng-d</controlfield><datafield ind1=" " ind2=" " tag="080"><subfield code="a">539.172.2</subfield></datafield><datafield ind1=" " ind2=" " tag="100"><subfield code="a">Gianturco, F.A./S.A.</subfield></datafield><datafield ind1=" " ind2=" " tag="245"><subfield code="a">Wavefunctions and mechanisms from electron scattering processes</subfield></datafield><datafield ind1=" " ind2=" " tag="260"><subfield code="a">Berlin, Springer-verlag, 1984. Ix+279p</subfield></datafield><datafield ind1=" " ind2=" " tag="490"><subfield code="a">Lecture Notes In Chemistry</subfield></datafield><datafield ind1=" " ind2=" " tag="700"><subfield code="a">Gianturco, F.A./S.A.</subfield></datafield><datafield ind1=" " ind2=" " tag="852"><subfield code="a">46527</subfield></datafield></record></collection>